@ONLINE{rails_apps_composer,
author = {Kehoe, Daniel},
title = {Rails Apps Composer},
month = sep,
year = { 2013 },
url = {https://github.com/RailsApps/rails_apps_composer}
}